
@inproceedings{wicke:2015,
  title={Bounty Hunters and Multiagent Task Allocation},
  author={Drew Wicke and David Freelan and Sean Luke},
  booktitle={International Conference on Autonomous Agents and Multiagent Systems},
  year={2015}
}