%!TEX root = Bounty.tex

@inproceedings{Dias:2002, 
	author={M. Bernardine Dias and A. Stentz}, 
	booktitle={IEEE/RSJ International Conference on Intelligent Robots and Systems}, 
	title={Opportunistic optimization for market-based multirobot control}, 
	year={2002}, 
	volume={3}, 
	pages={2714--2720}, 
	}

@article{Korsah:2013,
 	author = {G. Ayorkor Korsah and A. Stentz and M. Bernardine Dias},
 	title = {A Comprehensive Taxonomy for Multi-robot Task Allocation},
 	journal = {International Journal of Robotics Research},
	volume = {32},
 	number = {12},
 	year = {2013},
 	pages = {1495--1512},
	} 

@article{Gerkey:2004,
	author = {Gerkey, B. P.},
	journal = {International Journal of Robotics Research},
	volume = {23},
	number = {9},
	pages = {939--954},
	title = {A Formal Analysis and Taxonomy of Task Allocation in Multi-Robot Systems},
	year = {2004}
	}

@inproceedings{Dahl2003,
	author = {T. S. Dahl and M. J. Matari{\'c} and G. Sukhatme},
	booktitle = {IEEE International Conference on Robotics and Automation},
	pages = {2293--2298},
	volume={2},
	title = {Multi-robot task-allocation through vacancy chains},
	year = {2003}
	}

@techreport{Parker1995,
	author = {L. E. Parker},
	institution={Oak Ridge National Laboratory},
	number = {ORNL/TM--13000},
	title = {{L-ALLIANCE:} A mechanism for adaptive action selection in heterogeneous multi-robot teams},
	year = {1995}
}

@article{Gerkey2002c,
	author = {B. P. Gerkey and M. J. Matari{\'c}},
	journal = {IEEE Transactions on Robotics and Automation},
	number = {5},
	volume = {18},
	pages = {758--768},
	title = {{Sold!: auction methods for multirobot coordination}},
	year = {2002}
}

@article{Parker1998,
	author = {L. E. Parker},
	journal = {IEEE Transactions on Robotics and Automation},
	title = {{ALLIANCE:} An Architecture for Fault Tolerant Multi-Robot Cooperation},
	number={2},
	volume={14},
	pages={220--240},
	year = {1998}
	}

@article{Luke2005,
	author = {S. Luke and C. Cioffi-Revilla and L. Panait and K. Sullivan and G. Balan},
	title = {{MASON:} A Multi-agent Simulation Environment},
	journal={Simulation},
	volume={82},
	number={7},
	pages={517--527},
	year = {2005}
	}

@inproceedings{Erdem:2014,
	  title={Multi-Robot Localization by Observation Merging},
	  author={Ahmed Erdem and H. Levent Ak{\i}n},
	  booktitle = {Robocup International Symposium},
	  year = {2014}
}

@inproceedings{Schneider:2005,
	author = {Jeff Schneider and David Apfelbaum and J. Andrew (Drew) Bagnell and Reid Simmons},
	title = {Learning Opportunity Costs in Multi-Robot Market Based Planners},
	booktitle = {IEEE International Conference on Robotics and Automation},
	year = {2005},
	pages={1151--1156},
}

@article{Helland:2004,
	title = {The Fugitive: Evidence on Public versus Private Law Enforcement from Bail Jumping},
	author = {Eric Helland and Alexander Tabarrok},
	journal = {Journal of Law and Economics},
	volume = {47},
	number = {1},
	pages = {93--122},
	year = {2004},
}

@article{Smith:1980,
 	author = {R. G. Smith},
 	title = {The Contract Net Protocol: High-Level Communication and Control in a Distributed Problem Solver},
 	journal = {IEEE Transactions on Computers},
 	volume = {29},
 	number = {12},
 	pages = {1104--1113},
	year = {1980},
}

@inproceedings{Botelho:1999, 
	author={S. C. Botelho and R. Alami}, 
	booktitle={IEEE International Conference on Robotics and Automation}, 
	title={M+: a scheme for multi-robot cooperation through negotiated task allocation and achievement}, 
	year={1999},
	volume={2}, 
	pages={1234--1239}, 
}

@phdthesis{Dias:2004,
	author = {M. Bernardine Dias},
	title = {Traderbots: A New Paradigm for Robust and Efficient Multirobot Coordination in Dynamic Environments},
	year = {2004},
	department = {Robotics Institute},
	school = {Carnegie Mellon University},
	address = {Pittsburgh, PA, USA},
} 

@inproceedings{Jones:2006, 
 	author={E. Gil Jones and B. Browning and M. Bernardine Dias and B. Argall and M. Veloso and A. Stentz}, 
	booktitle={IEEE International Conference on Robotics and Automation}, 
	title={Dynamically formed heterogeneous robot teams performing tightly-coordinated tasks}, 
	year={2006},
	pages={570--575}, 
}

@inproceedings{Zlot:2002,
	author={Robert Zlot and A. Stentz and M. Bernardine Dias and Scott Thayer},
	title={Multi-robot exploration controlled by a market economy},
	booktitle={IEEE International Conference on Robotics and Automation},
	year={2002},
}

@inproceedings{Simmons:2000,
	author={R. Simmons and D. Apfelbaum and W. Burgard and D. Fox and M. Moors and S. Thrun and H. Younes},
	title={Coordination for Multi-Robot Exploration and Mapping},
	year={2000},
	booktitle={Proceedings of the AAAI National Conference on Artificial Intelligence},
  }

@inproceedings{Lagoudakis:2004,
    author = {M. G. Lagoudakis and M. Berhault and S. Koenigt and P. Keskinocak and A. J. Kleywegt},
    title = {Simple auctions with performance guarantees for multi-robot task allocation},
    booktitle = {IEEE/RSJ International Conference on Intelligent Robots and Systems},
    year = {2004},
    pages={698--705},
    volume = {1},
}


@inproceedings{Liu:2014, 
    author = {Lantao Liu and Nathan Michael and Dylan Shell}, 
    title={Fully Decentralized Task Swaps with Optimized Local Searching}, 
    booktitle={Proceedings of Robotics: Science and Systems}, 
    year={2014},
} 

@inproceedings{Liu:2012, 
    author= {Lantao Liu and Dylan Shell}, 
    title= {A Distributable and Computation-flexible Assignment Algorithm: From Local Task Swapping to Global Optimality}, 
    booktitle = {Proceedings of Robotics: Science and Systems}, 
    year = {2012},
}


@article{Nanjanath:2010,
	author = {Maitreyi Nanjanath and Maria Gini},
	title = {Repeated auctions for robust task execution by a robot team},
	journal = {Robotics and Autonomous Systems},
	volume = {58},
	number = {7},
	pages = {900--909},
	year = {2010},
}

@incollection{Farinelli:2005,
	booktitle={Monitoring, Security, and Rescue Techniques in Multiagent Systems},
	title={Task Assignment with Dynamic Token Generation},
	author={Alessandro Farinelli and Luca Iocchi and Daniele Nardi and Fabio Patrizi},
	pages={467--477},
	year={2005},
	publisher={Springer},
}

@inproceedings{Nanjanath:2006, 
	author={M. Nanjanath and  M. Gini}, 
	booktitle={Robotics and Automation, 2006. ICRA 2006. Proceedings 2006 IEEE International Conference on}, 
	title={Dynamic task allocation for robots via auctions}, 
	pages={2781--2786}, 
	year={2006}, 
}

@inproceedings{Shiroma:2009, 
	author={P. M. Shiroma and M. F M Campos}, 
	booktitle={IEEE/RSJ International Conference on Intelligent Robots and Systems}, 
	title={CoMutaR: A framework for multi-robot coordination and task allocation}, 
	pages={4817--4824}, 
	year={2009}, 
}


@incollection{Young:1994,
	title = {Cost allocation},
	author = {H. Peyton Young},
	year = {1994},
	chapter = {34},
	pages = {1193--1235},
	booktitle = {Handbook of Game Theory with Economic Applications},
	editor = {Aumann, R.J. and Hart, S.},
	volume = {2},
	edition = {1},
	publisher = {Elsevier},
}

@inproceedings{Pustowka:2012, 
	author={A Pustowka and E.F. Caicedo}, 
	booktitle={Robotics Symposium and Latin American Robotics Symposium}, 
	title={Market-Based Task Allocation in a Multi-robot Surveillance System}, 
	year={2012}, 
	pages={185--189}, 
}

@inproceedings{Lukose:1998,
 	author = {Rajan M. Lukose and  Bernardo A. Huberman},
	 title = {Surfing As a Real Option},
	 booktitle = {Proceedings of the First International Conference on Information and Computation Economies},
 	series = {ICE '98},
 	year = {1998},
 	pages = {45--51},
} 


@inproceedings{Campbell:2008,
 	author = {Adam Campbell and Annie S. Wu and Randall Shumaker},
 	title = {Multi-agent Task Allocation: Learning when to Say No},
 	booktitle = {Proceedings of the 10th Annual Conference on Genetic and Evolutionary Computation},
 	year = {2008},
 	pages = {201--208}
}



@inproceedings{Jones:2007,
	title={Learning-enhanced market-based task allocation for oversubscribed domains},
	author={E Gil Jones and M Bernardine Dias and Anthony Stentz},
	booktitle={International Conference on Intelligent Robots and Systems},
	pages={2308--2313},
	year={2007}
}


@incollection{Choi:2013,
	author={S.H. Choi and W.K. Zhu},
	title={A Closed-Loop Bid Adjustment Method of Dynamic Task Allocation of Robots},
	booktitle={Electrical Engineering and Intelligent Systems},
	series={Lecture Notes in Electrical Engineering},
	volume={130},
	pages={81--94},
	publisher={Springer},
	year={2013},
}

@inproceedings{Pippin:2013,
	author={Charles E. Pippin and Henrik Christensen},
	title={Learning Task Performance in Market-Based Task Allocation},
	booktitle={Proceedings of the 12th International Conference on Intelligent Autonomous Systems},
	volume={2},
	pages={613--621},
	year={2012}
}


@article{Mataric:2003,
	author={Maja J. Matari{\'c} and Gaurav S. Sukhatme and Esben H. Østergaard},
	year={2003},
	journal={Autonomous Robots},
	volume={14},
	number={2-3},
	title={Multi-Robot Task Allocation in Uncertain Environments},
	pages={255--263}
}

@article{Corchon:2007,
  title={The theory of contests: a survey},
  author={Luis C. Corch{\'o}n},
  journal={Review of Economic Design},
  volume={11},
  number={2},
  pages={69--100},
  year={2007},
  publisher={Springer}
}


@article{Nalebuff:1983,
  title={Prizes and incentives: towards a general theory of compensation and competition},
  author={Barry J. Nalebuff and Joseph E. Stiglitz},
  journal={The Bell Journal of Economics},
  pages={21--43},
  year={1983},
  publisher={JSTOR}
}

@article{Terwiesch:2008,
  title={Innovation contests, open innovation, and multiagent problem solving},
  author={Christian Terwiesch and Yi Xu},
  journal={Management science},
  volume={54},
  number={9},
  pages={1529--1543},
  year={2008},
  publisher={INFORMS}
}

@book{Konrad:2009,
  title={Strategy and dynamics in contests},
  author={K.A. Konrad},
  isbn={9780199549603},
  lccn={2009278656},
  series={LSE perspectives in economic analysis},
  year={2009},
  publisher={Oxford University Press}
}

@article{Casas:2009,
  title={Relative performance compensation, contests, and dynamic incentives},
  author={Pablo Casas-Arce and F. As{\'\i}s Mart{\'\i}nez-Jerez},
  journal={Management Science},
  volume={55},
  number={8},
  pages={1306--1320},
  year={2009},
  publisher={INFORMS}
}

@article{Connelly:2014,
  title={Tournament Theory Thirty Years of Contests and Competitions},
  author={Brian L. Connelly and Laszlo Tihanyi and T. Russell Crook and K. Ashley Gangloff},
  journal={Journal of Management},
  volume={40},
  number={1},
  pages={16--47},
  year={2014},
  publisher={Sage Publications}
}

@article{Fullerton:1999,
  title={Auctioning entry into tournaments},
  author={Richard L Fullerton and R Preston McAfee},
  journal={Journal of Political Economy},
  volume={107},
  number={3},
  pages={573--605},
  year={1999},
  publisher={JSTOR}
}

@article{Wicke:2015,
  title={Bounty Hunting and Multiagent Task Allocation},
  author={Drew Wicke and David Freelan and Sean Luke},
  journal={AAMAS},
  pages={387--394},
  year={2015}
}